@inproceedings{li2019efficient,
  author    = {Li, H. and others},
  title     = {Efficient Load Balancing Routing Algorithm for Optical Network-on-Chip},
  booktitle = {Journal of Optical Communications and Networking},
  year      = {2019}
}

@inproceedings{yang2020survey,
  author    = {Yang, W. and others},
  title     = {A Survey of Multicast Communication in Optical Network-on-Chip (ONoC)},
  booktitle = {IEEE International Conference on HPCC},
  year      = {2020}
}

@inproceedings{smith2020temperature,
  author    = {Smith, A. and others},
  title     = {Temperature-Aware Routing Algorithm for Ring-Based ONoCs},
  booktitle = {IEEE Symposium on ONoCES},
  year      = {2020}
}

@inproceedings{gupta2021alternate,
  author    = {Gupta, S. and Mukhopadhyay, S.},
  title     = {Alternate Routing Directions for Improved Performance in Optical Networks-on-Chip},
  booktitle = {Design, Automation \& Test in Europe Conference},
  year      = {2021}
}

@inproceedings{mohapatra2020power,
  author    = {Mohapatra, S. and Kumar, A. and Tomar, R. S.},
  title     = {Power-Aware Routing in Optical Networks-on-Chip},
  booktitle = {ICACCCN},
  year      = {2020}
}

@article{chu2019network,
  author    = {Chu, X. and Ghosal, D.},
  title     = {Network Partitioning for Resource Allocation in Cloud Data Centers: A Survey},
  journal   = {Journal of Network and Computer Applications},
  year      = {2019},
  volume    = {136},
  pages     = {69--87}
}

@article{xie2020thermal,
  author    = {Xie, H. and others},
  title     = {Thermal-Aware Routing Algorithm for Optical Network-on-Chip Based on Message Passing},
  journal   = {Journal of Lightwave Technology},
  year      = {2020},
  volume    = {38},
  number    = {17},
  pages     = {4801--4810}
}

@inproceedings{zhang2019congestion,
  author    = {Zhang, G. and others},
  title     = {Congestion-Aware Multicast Routing Algorithm in Optical Network-on-Chip},
  booktitle = {International Conference on Optical Network Design and Modeling (ONDM)},
  year      = {2019},
  pages     = {1--6}
}

@article{liu2019wavelength,
  author    = {Liu, F. and others},
  title     = {Wavelength-Reused Hierarchical Optical Network on Chip Architecture for Manycore Processors},
  journal   = {IEEE Transactions on Sustainable Computing},
  year      = {2019},
  volume    = {4},
  number    = {2},
  pages     = {231--244}
}

@article{zhu2016multilayer,
  author    = {Zhu, K. and others},
  title     = {A 3D Multilayer Optical Network on Chip Based on Mesh Topology},
  journal   = {Photonic Network Communications},
  year      = {2016}
}

@article{wang2019multicast,
  author    = {Wang, J. and Wang, X. and Xu, J.},
  title     = {Multicast Routing Algorithms for Optical Network-on-Chip},
  journal   = {IEEE Transactions on Parallel and Distributed Systems},
  year      = {2019},
  volume    = {30},
  number    = {3},
  pages     = {558--571}
}

@inproceedings{yang2019path,
  author    = {Yang, W. and Chen, Y. and Huang, Z. and Zhang, H. and Gu, H.},
  title     = {Path-Based Routing and Wavelength Assignment for Multiple Multicasts in an ONoC},
  booktitle = {IEEE International Conference on HPCC},
  year      = {2019}
}

@article{li2018congestion,
  author    = {Li, H. and others},
  title     = {A Congestion-Aware Routing Algorithm for Optical Network-on-Chip},
  journal   = {Journal of Lightwave Technology},
  year      = {2018},
  volume    = {36},
  number    = {1},
  pages     = {14--23}
}

@inproceedings{zhang2021simulators,
  author    = {Zhang, Hao and Chen, Yawen and Huang, Zhiyi and Xia, Chengpeng and Liang, Jianguo and Gu, Huaxi},
  title     = {Comparative Analysis of Simulators for Optical Network-on-Chip (ONoC)},
  booktitle = {2021 12th International Symposium on Parallel Architectures, Algorithms and Programming (PAAP)},
  year      = {2021},
  pages     = {19--23}
}

@article{li2021contention,
  author    = {Li, Mengquan and Liu, Weichen and Duong, Luan H. K. and Chen, Peng and Yang, Lei and Xiao, Chunhua},
  title     = {Contention-Aware Routing for Thermal-Reliable Optical Networks-on-Chip},
  journal   = {IEEE Transactions on Computer-Aided Design of Integrated Circuits and Systems},
  year      = {2021},
  volume    = {40},
  number    = {2},
  pages     = {260--273}
}

@article{liu2019partitioning,
  author    = {Liu, M. and Zhang, Z. and Zhang, Y.},
  title     = {Network Partitioning for Performance Optimization in Optical Networks-on-Chip},
  journal   = {Journal of Parallel and Distributed Computing},
  year      = {2019},
  volume    = {129},
  pages     = {77--88}
}

@article{chen2020partitioning,
  author    = {Chen, L. and Zhang, S. and Xie, Y.},
  title     = {Efficient Network Partitioning Techniques for Optical Networks-on-Chip},
  journal   = {IEEE Transactions on Very Large-Scale Integration (VLSI) Systems},
  year      = {2020},
  volume    = {28},
  number    = {9},
  pages     = {2101--2114}
}

@article{gupta2020communication,
  author    = {Gupta, S. and Mukhopadhyay, S.},
  title     = {Enhanced Communication Performance Through Alternate Routing Directions in Optical Networks-on-Chip},
  journal   = {IEEE Transactions on Parallel and Distributed Systems},
  year      = {2021},
  volume    = {32},
  number    = {5},
  pages     = {1238--1251}
}

@article{singh2020dynamic,
  author    = {Singh, R. and Sharma, V. and Gupta, S.},
  title     = {Dynamic Power Management Techniques for Optical Networks-on-Chip},
  journal   = {Journal of Supercomputing},
  year      = {2020}
}

@article{alkhatib2023partial,
  title={Partial network partitioning},
  author={Alkhatib, Basil and Udayashankar, Sreeharsha and Qunaibi, Sara and Alquraan, Ahmed and Alfatafta, Mohammed and Al-Manasrah, Wael and Depoutovitch, Alex and Al-Kiswany, Samer},
  journal={ACM Transactions on Computer Systems},
  volume={41},
  number={1-4},
  pages={1--34},
  year={2023},
  publisher={ACM New York, NY}
}
@inproceedings{bc972821a43d4cf989b222e9cdc15a79,
title = "Thermal Sensing Using Micro-ring Resonators in Optical Network-on-Chip",
author = "Weichen Liu and Mengquan Li and Wanli Chang and Chunhua Xiao and Yiyuan Xie and Nan Guan and Lei Jiang",
year = "2019",
month = may,
day = "14",
doi = "10.23919/DATE.2019.8714844",
language = "English",
series = "Proceedings of the 2019 Design, Automation and Test in Europe Conference and Exhibition, DATE 2019",
publisher = "Institute of Electrical and Electronics Engineers Inc.",
pages = "1611--1614",
booktitle = "Proceedings of the 2019 Design, Automation and Test in Europe Conference and Exhibition, DATE 2019",
note = "22nd Design, Automation and Test in Europe Conference and Exhibition, DATE 2019 ; Conference date: 25-03-2019 Through 29-03-2019",
}